<?xml version="1.0" encoding="UTF-8"?><collection xmlns="http://www.loc.gov/MARC21/slim"><record><leader>00365nam--2200145-i-4500</leader><controlfield tag="001">000016520</controlfield><controlfield tag="002">20161230</controlfield><controlfield tag="005">20170220003255</controlfield><controlfield tag="008">060222s1000------------r-----000-0-eng-d</controlfield><datafield ind1=" " ind2=" " tag="100"><subfield code="a">Cerghizan, Mihai Anton</subfield></datafield><datafield ind1=" " ind2=" " tag="245"><subfield code="a">Excel 7.0 pentru Windows 95</subfield></datafield><datafield ind1=" " ind2=" " tag="260"><subfield code="a">Bucuresti</subfield><subfield code="b">Editura Tehnica</subfield><subfield code="c">1996</subfield></datafield><datafield ind1=" " ind2=" " tag="300"><subfield code="a">479 p</subfield></datafield><datafield ind1=" " ind2=" " tag="852"><subfield code="a">619.682</subfield></datafield><datafield ind1=" " ind2=" " tag="CAT"><subfield code="a">SYS</subfield><subfield code="c">20170220</subfield><subfield code="h">003255</subfield></datafield></record></collection>